% ------------------------------------------------------------------------
% BIBLIOGRAFIA
% ------------------------------------------------------------------------

@online{www1,
  title   = {Strona internetowa firmy SELS},
  url     = {http://www.sels.com.pl/index.php?cPath=1},
  urldate = {2012-10-29}
}

@online{www2,
  title   = {Strona internetowa Wikipedia},
  url     = {https://en.wikipedia.org/wiki/Binary_search_tree},
  urldate = {2024-11-07}
}

@online{www3,
  title   = {Strona internetowa TreeConverter},
  url     = {https://treeconverter.com/},
  urldate = {2024-11-07}
}

@online{GitHubProjectTemplate,
  title   = {Szablon utworzony na potrzeby projektu (repozytorium GitHub)},
  url     = {https://github.com/Me-Phew/programowanie-zaawansowane-template},
  urldate = {2024-11-07}
}

@online{GitHubProject,
  title   = {Repozytorium projektu na platformie GitHub},
  url     = {https://github.com/Me-Phew/drzewo-bst},
  urldate = {2024-11-07}
}
